@article{lairobbins85,
author = {Tze Leung Lai and Herbert Robbins},
title = {Asymptotically efficient adaptive allocation rules},
publisheri = {Advances in applied mathematics, 6(1):4–22},
year = {1985}
}

@article{agrawalgoyal12,
author = {Shipra Agrawal and Navin Goyal},
title = {Analysis of thompson sampling for the multi-armed bandit problem},
publisheri = {Conference on Learning Theory, pages 39–1},
year = {2012}
}

@article{burnetas96,
author = {Apostolos N Burnetas and Michael N Katehakis},
title = {Optimal adaptive policies for sequential allocation problems},
publisheri = {Advances in Applied Mathematics, 17(2):122–142},
year = {1996}
}
