@article{elhamifar09,
author = {E. Elhamifar, R. Vidal},
title = {Sparse Subspace Clustering: Algorithm, Theory, and Applications},
publisheri = {IEE Conference on Computer Vision and Pattern Recognition},
year = {2009}
}

@article{vidal16,
author = {R. Vidal},
title = {Generalized Principal Component analysis},
publisheri = {Springer},
year = {2016}
}
